<?xml version="1.0" encoding="UTF-8"?><collection xmlns="http://www.loc.gov/MARC21/slim"><record><leader>00584nam--2200169-i-4500</leader><controlfield tag="001">000041781</controlfield><controlfield tag="002">20161230</controlfield><controlfield tag="005">20161230201043</controlfield><controlfield tag="008">060222s1000------------r-----000-0-eng-d</controlfield><datafield ind1=" " ind2=" " tag="040"><subfield code="a">IFIN-HH</subfield></datafield><datafield ind1=" " ind2=" " tag="080"><subfield code="a">621.38:62-52:801.323.94:800.935.62</subfield></datafield><datafield ind1="1" ind2=" " tag="100"><subfield code="a">Dorian, A.F</subfield></datafield><datafield ind1="1" ind2="0" tag="245"><subfield code="a">Six-language dictionary of automation, electronics and scientific instruments</subfield><subfield code="b">A comprehensive dictionary in english, french, german, italian, spanish and russian</subfield><subfield code="c">A.f. dorian</subfield></datafield><datafield ind1=" " ind2=" " tag="260"><subfield code="a">London</subfield><subfield code="b">Iliffe Books, Ltd</subfield><subfield code="c">1962</subfield></datafield><datafield ind1=" " ind2=" " tag="300"><subfield code="a">12 + 732 P</subfield></datafield><datafield ind1=" " ind2=" " tag="852"><subfield code="a">D.265</subfield><subfield code="c">SLT</subfield></datafield><datafield ind1=" " ind2=" " tag="CAT"><subfield code="a">Sys</subfield><subfield code="c">20130220</subfield><subfield code="h">150959</subfield></datafield></record></collection>